
@misc{abcd,
    title={ABCD of topological recursion.},
    author={Andersen, J. and Borot, G. and Chekhov, L. and Orantin, N.},
    archivePrefix = {arXiv},
    eprint = {1703.03307},
    year={2017},
    primaryClass = {math-ph}
}

@article{abpolyquant,
    title={A-polynomial, B-model, and quantization},
    year = {2012},
	month = {2},
	journal = {Journal of High Energy Physics},
	volume = {2012},
	author = {Gukov, S. and Sulkowski, P.}
}


@article{airy,
    author = {Airy, G. B.},
    year={1838},
    journal={Transactions of the Cambridge Philosophical Society},
    title={On the intensity of light in the neighbourhood of a caustic},
    issue={6},
    pages={379–402}
}

@article{airy_semisimple,
    author = {Hadasz, L. and Ruba, B.},
    year={2021},
    title = {Airy structures for semisimple Lie algebras},
    journal = {Communications in Mathematical Physics},
    volume={385},
    issue={3},
    archivePrefix={arXiv},
    eprint={1911.10453},
    primaryClass={math-ph}
}


@misc{antonsen,
    %doi = {10.48550/ARXIV.QUANT-PH/9608042},
    %url = {https://arxiv.org/abs/quant-ph/9608042},
    eprint={9608042},
    author = {Antonsen, F.},
    title = {Wigner-Weyl-Moyal formalism on algebraic structures},
    archivePrefix  = {arXiv},
    year = {1996},
    primaryClass = {quant-ph}
 }

@article{baker,
    title = {Formulation of quantum mechanics based on the quasi-probability distribution induced on phase space},
    author = {Baker, G.},
    journal = {Physical Review},
    volume = {109},
    issue = {6},
    pages = {2198--2206},
    %numpages = {0},
    year = {1958},
    month = {3},
    publisher = {American Physical Society}
    %doi = {10.1103/PhysRev.109.2198},
    %url = {https://link.aps.org/doi/10.1103/PhysRev.109.2198}
}

@book{basis_vect,
    title={A basis theory primer},
    author={Heil, C.},
    year={2011},
    publisher={Birkhäuser}
}

@article{bhuespe,
    title={Special Kähler geometry of the Hitchin system and topological recursion},
    volume={23},
    %ISSN={1095-0753},
    %url={http://dx.doi.org/10.4310/ATMP.2019.v23.n8.a2},
    %DOI={10.4310/atmp.2019.v23.n8.a2},
    number={8},
    journal={Advances in Theoretical and Mathematical Physics},
    publisher={International Press of Boston},
    author={Baraglia, D. and Huang, Z.},
    year={2019},
    pages={1981–2024},
    eprint={1707.04975},
    archivePrefix={arXiv},
    primaryClass={math.DG}
}

@article{b_defquant,
    title={Quantization of line bundles on Lagrangian subvarieties}, 
    author={Baranovsky, V. and Ginzburg, V. and Kaledin,  D. and Pecharich J.},
    year={2016},
    pages={1-25},
    journal={Selecta Mathematica},
    month={1},
    eprint={1403.3493},
    archivePrefix={arXiv},
    primaryClass={math.AG}
}




@misc{bertola,
    title={Riemann surfaces and theta functions},
    author={M. Bertola},
    year={2010},
    note={Course notes, Concordia University}
}

@article{bkospa,
    author = {Bertola, M. and Korotkin, D.},
    title = {Spaces of Abelian Differentials and Hitchin’s Spectral Covers},
    journal = {International Mathematics Research Notices},
    year = {2021},
    month={8},
    issue={15},
    pages={11246-11269},
    eprint={1812.05789},
    archivePrefix={arXiv},
    primaryClass={math-ph}
}    


@misc{collini,
  author = {Collini, G.},
  title = {Fedosov Quantization and Perturbative Quantum Field Theory},
  archivePrefix = {arXiv},
  primaryClass = {math-ph},
  eprint={1603.09626},
  year = {2016}
 }



@misc{catalan,
    author={Sloane, N. J. A. },
    title={Sequence A000108},
    journal={The On-Line Encyclopedia of Integer Sequences}, url={https://oeis.org/A000108}
}

@misc{cttaneo_star,
    % doi = {10.5167/UZH-21691},
    %url = {https://www.zora.uzh.ch/id/eprint/21691},
    author = {Cattaneo, A. S. and Indelicato, D.},
    title = {Formality and star products},
    publisher = {Cambridge University Press},
    year = {2005},
    archivePrefix  = {arXiv},
    primaryClass = {math.QA} ,
    eprint={0403135}
}



@misc{chaimanowong2020airy,
      title={Airy structures and deformations of curves in surfaces}, 
      author={Chaimanowong, W. and Norbury, P. and Swaddle, M. and Tavakol, M.},
      year={2020},
      eprint={2012.00254},
      archivePrefix={arXiv},
      primaryClass={math.AG}
}

@misc{chen_thesis,
    author={Chen, T.},
    title={Deformation quantization of vector bundles on Lagrangian subvarieties},
    year={2018},
    note={PhD thesis, University of California, Irvine}
}

@article{CEyHer,
    author = {Chekhov, L. and Eynard, B.},
    year = {2006},
    %month = {03},
    pages = {14},
    title = {Hermitian matrix model free energy: Feynman graph technique for all genera},
    volume = {0603},
    journal = {Journal of High Energy Physics},
%doi = {10.1088/1126-6708/2006/03/014}
}



@misc{dasilva,
    author={da Silva, A. C.},
    title={Lectures on symplectic geometry},
    publisher={Springer},
    year={2006}
}


@misc{domacubic,
  eprint = {9408004},
  author = {Donagi, R. and Markman, E.},
  title = {Cubics, Integrable Systems, and Calabi-Yau Threefolds},
  archivePrefix = {arXiv},
  year = {1994},
  primaryClass = { math.AG},
}


@Inbook{drinfeld_tate,
    author = {Drinfeld, V.},
    editor={Etingof, P.
    and Retakh, V.
    and Singer, I. M.},
    title={Infinite-dimensional vector bundles in algebraic geometry},
    bookTitle={The Unity of Mathematics: In Honor of the Ninetieth Birthday of I.M. Gelfand},
    year={2006},
    publisher={Birkh{\"a}user Boston},
    address={Boston, MA},
    pages={263--304},
%abstract="We study {\$}{\$}{\backslash}mathcal{\{}N{\}} = 2{\$}{\$}supersymmetric four-dimensional gauge theories, in a certain 525-02 = 2 supergravity background, called the$\Omega$-background. The partition function of the theory in the $\Omega$-background can be calculated explicitly. We investigate various representations for this partition function: a statistical sum over random partitions, a partition function of the ensemble of random curves, and a free fermion correlator.",
%isbn="978-0-8176-4467-3",
%doi="10.1007/0-8176-4467-9_15",
%url="https://doi.org/10.1007/0-8176-4467-9_15"
}

@article{dieudonne,
    author = {Dieudonne, J.},
    journal = {American Journal of Mathematics},
    number = {1},
    pages = {13--19},
    publisher = {Johns Hopkins University Press},
    title = {Linearly Compact Spaces and Double Vector Spaces Over Sfields},
    urldate = {2022-08-13},
    volume = {73},
    year = {1951}
}




@article{finiteness_spaces_presheaves,
    author={Ehrhard, T.},
    title={On finiteness spaces and extensional presheaves
over the Lawvere theory of polynomials},
    url = {https://hal.archives-ouvertes.fr/hal-00165230},
    year = {2007},
    hal_id= {hal-00165230},
    hal_version= {v1},
    journal={HAL}
}


@article{eynard_orantin,
    author={Eynard, B. and Orantin, N.},
    title          = {Invariants of algebraic curves and topological
                    expansion},
    journal        = {Communications in Number Theory and Physics},
    volume         = {1},
    year           = {2007},
    pages          = {347--452},
    eprint         = {math-ph/0702045},
    archivePrefix  = {arXiv},
    primaryClass   = {math-ph}
}

@misc{eynard_abc,
  author = {Eynard, B.},
  primaryClass = {math-ph},
  title = {Topological Recursion, Airy structures in the space of cycles},
  archivePrefix = {arXiv},
  year = {2019},
  eprint = {1912.03339},
}


@book{fay,
  title={Theta functions on Riemann surfaces},
  author={Fay, J. D.},
  volume={352},
  year={2006},
  publisher={Springer}
}



@article{feynmaps,
    author = {Prunotto, A. and Alberico, W. M. and Czerski P.},
    title = {Feynman diagrams and rooted maps},
    journal = {Open Physics},
    year = {2018},
    publisher = {De Gruyter},
    address = {Berlin, Boston},
    volume = {16},
    number = {1},
    pages= {149--167}
 }
 
 
@misc{gunningham,
    title={The finiteness conjecture for skein modules},
    author={Gunningham, S. and Jordan, D. and Safronov, P.},
    year={2019},
    eprint={1908.05233},
    archivePrefix={arXiv},
    primaryClass={math.QA}
}
 
 
@article{glock,
  title={Tensor products in the category of topological vector spaces are not associative},
  author={Gl{\"o}ckner, H.},
  journal={Commentationes Mathematicae Universitatis Carolinae},
  volume={45},
  number={4},
  pages={607--614},
  year={2004}
}

 
@misc{groenewold,
    author={Groenewold, H. J.},
    title={On the principles of elementary quantum mechanics},
    year={1946}
}
 
@book{hartshorne_def,
    author={Hartshorne, R.},
    title={Deformation theory},
    year={2009},
    publisher={Springer}
 }
 
 
@misc{holland,
    author={Hollands, L.},
    year={2009},
    title={Topological strings and quantum curves},
    note={PhD thesis, University of Amsterdam},
    primaryClass={hep-th},
    eprint         = {0911.3413},
    archivePrefix  = {arXiv},
    primaryClass   = {hep-th}
}

@misc{higherairy,
    author = {Borot, G. and Bouchard, V. and Chidambaram, N. K. and Creutzig, T. and Noshchenko, D.},
    title = {Higher Airy structures, W algebras and topological recursion},
    archivePrefix = {arXiv},
    year = {2018},
    primaryClass = {math-ph},
    eprint={1812.08738}
}


@misc{jordan,
	year = {2012},
	publisher = {American Mathematical Society},
	pages = {169--187},
	author = {Jordan, D. A. and Oh, S.},
	title = {Poisson brackets and Poisson spectra in polynomial algebras},
	eprint={1212.5155},
	primaryClass={math.RA},
	archivePrefix={arXiv}
}

@misc{kdv,
    author = {Dubrovin, B. and Yang, D. and Zagier, D.},
    title = {On tau-functions for the KdV hierarchy},
    archivePrefix = {arXiv},
    primaryClass={math-ph},
    year = {2018},
    eprint = {1812.08488},
}

@article{ks_airy,
    author = {Kontsevich, M. and Soibelman, Y.},
    title = {Airy structures and symplectic geometry of topological recursion},
    journal = {Proceedings of Symposia in Pure Mathematics},
    volume = { 100}, 
    year = {2018}, 
    pages = {433-490},
    eprint         = {1701.09137},
    archivePrefix  = {arXiv},
    primaryClass   = {math.AG}
}


@article{k_defquant, 
    volume={56},
    %url={http://dx.doi.org/10.1023/A:1017957408559},
    %DOI={10.1023/a:1017957408559},
    title={Deformation quantization of algebraic varieties},
    number={3},
    month={6},
    journal={Letters in Mathematical Physics},
    publisher={Springer Science and Business Media LLC},
    author={Kontsevich, M.},
    year={2001},
    pages={271--294}
}

@misc{k_def_book,
    title={Deformation theory I},
    author={Kontsevich, M. and 
    Soibelman Y.},
    howpublished = {\url{https://bit.ly/38PBrmv}},
    year={1991}
}


@article{k_holonomic,
    title={Holonomic D-modules and positive characteristic}, 
    author={Kontsevich, M.},
    year={2009},
    journal={Japanese Journal of Mathematics},
    number={4},
    pages={1-25},
    month={3},
    eprint={1010.2908},
    archivePrefix={arXiv},
    primaryClass={math.RA}
}


@article{k_defofPois,
    title={Deformation quantization of Poisson manifolds},
    volume={66},
    %ISSN={0377-9017},
    %DOI={10.1023/b:math.0000027508.00421.bf},
    number={3},
    journal={Letters in Mathematical Physics},
    publisher={Springer Science and Business Media LLC},
    author={Kontsevich, M.},
    year={2003},
    month={12},
    pages={157--216} 
}

@article{KonInt,
    author = {Kontsevich, M.},
    journal = {Communications in Mathematical Physics},
    number = {1},
    pages = {1--23},
    title = {Intersection theory on the moduli space of curves and the matrix Airy function},
    volume = {147},
    year = {1992}
}

@misc{leinster,
  eprint = {1209.3606},
  archivePrefix={arXiv},
  author = {Leinster, T.},
  primaryClass={math.CT},
  title = {Codensity and the ultrafilter monad},
  year = {2012}
}

@book{lang,
  title={Algebra},
  author={Lang, S.},
  series={Graduate Texts in Mathematics},
  year={2005},
  publisher={Springer New York}
}


@book{lefschetz1942algebraic,
    title={Algebraic topology},
    author={Lefschetz, S.},
    %  isbn={9780821810279},
    %  lccn={41006147},
    series={AMS books online},
    %  url={https://books.google.com.au/books?id=wvqVAwAAQBAJ},
    year={1942},
    publisher={American Mathematical Society}
}

@misc{motzkin,
    author={Sloane, N. J. A.},
    title={Sequence A001006},
    journal={The On-Line Encyclopedia of Integer Sequences}, url={https://oeis.org/A001006}
}

@misc{nishi_obs,
    author={Nishinou, T.},
    title={Obstructions to deforming maps from curves to surfaces},
    archivePrefix={arXiv},
    primaryClass={math.AG},
    eprint={1901.11239},
    year={2020}
}

@misc{nishi_real,
    author={Nishinou, T.},
    title={Realisation of tropical curves in abelian surfaces},
    archivePrefix={arXiv},
    primaryClass={math.AG},
    eprint={2007.16148},
    year={2020}
}



@misc{norbury_quant,
    author = {Norbury, P.},
    title = {Quantum curves and topological recursion},
    year = {2015},
    primaryClass={math-ph},
    archivePrefix={arXiv},
    eprint={1502.04394}
}

@article{period,
    title = {Riemann Surfaces, Plane Algebraic Curves and Their Period Matrices},
    journal = {Journal of Symbolic Computation},
    volume = {26},
    number = {6},
    pages = {789-803},
    year = {1998},
    issn = {0747-7171},
    author = {P. Gianni and M. Seppälä and R. Silhol and B. Trager}
}


@article{prime_ideal_n,
    author={Ferrero, M.},
    title={Prime ideals in polynomial rings in several indeterminates},
    year={1997},
    journal={Proceedings of the American Mathematical Society},
    volume={125},
    pages={67--74},
     %url={https://www.ams.org/journals/proc/1997-125-01/S0002-9939-97-03663-0/S0002-9939-97-03663-0.pdf}
 }
 
@article{quant_for_phys,
   title={Quantization methods: a guide for physicists and analysts},
   volume={17},
   %ISSN={1793-6659},
   %url={http://dx.doi.org/10.1142/S0129055X05002376},
   %DOI={10.1142/s0129055x05002376},
   number={04},
   journal={Reviews in Mathematical Physics},
   publisher={World Scientific Pub Co Pte Lt},
   author={Ali, S. T. and Engliš, M.},
   year={2005},
   month={5},
   pages={391--490}
}

@article{walsh,
    title = {Counting rooted maps by genus. I},
    journal = {Journal of Combinatorial Theory, Series B},
    volume = {13},
    number = {3},
    pages = {192--218},
    year = {1972},
    %issn = {0095-8956},
    %doi = {https://doi.org/10.1016/0095-8956(72)90056-1},
    %url = {https://www.sciencedirect.com/science/article/pii/0095895672900561},
    author = {Walsh, T.R.S  and Lehman, A.B },
}
 
 
@book{sheaves_logic,
    author={Mac Lane, S. and Moerdijk I.},
    title={Sheaves in geometry and logic},
    publisher={Springer},
    year={1994}
}

@article{top_ent_local_lin_comp,
   title={Topological entropy for locally linearly compact vector spaces},
   volume={252},
   %url={http://dx.doi.org/10.1016/j.topol.2018.11.009},
   journal={Topology and its Applications},
   publisher={Elsevier BV},
   author={Castellano, I. and Giordano Bruno, A.},
   year={2019},
   %month={Feb},
   pages={112--144}
}

@article{yekutieli,
    author = {Yekutieli, A},
    title={Deformation quantization in algebraic geometry},
    journal = {Advances in Mathematics},
    year ={2005},
    volume={198},
    month={12},
    pages={383-432}
}

@book{zee,
    title={Quantum field theory in a nutshell},
    author={Zee, A.},
    year={2003},
    publisher={Princeton University Press}
}

@misc{stacks_complete_flat,
    author       = {The {Stacks project authors}},
    title        = {The Stacks project},
    howpublished = {\url{https://stacks.math.columbia.edu}},
    year         = {2022},
}

@misc{starprodeasy,
    title={Star products made (somewhat) easier},
    author={Kupriyanov, V.G. and Vassilevich, D.V.},
    year={2008},
    primaryClass={hep-th},
    archivePrefix={arXiv},
    eprint={0806.4615}
}


@misc{super,
  author = {Caston, L. and Fioresi, R.},
  title = {Mathematical Foundations of Supersymmetry},
  archivePrefix = {arXiv},
  eprint={0710.5742},
  primaryClass={math.RA},
  year = {2007}
 }
 
 @misc{swaddledef,
    author = {Swaddle, M.},
    title = {Deformation quantisation of the conic and symplectic reduction of wavefunctions},
    archivePrefix = {arXiv},
    eprint={2206.04848},
    year={2022},
    primaryClass={math-ph} 
}
 


@article{tudor,
    author = {Dimofte, T.},
    title = {Quantum Riemann surfaces in Chern-Simons theory},
    journal = {Advances in Theoretical and Mathematical Physics},
    year={2013},
    pages={479-599},
    number={3},
    volume = {17},
    primaryClass={hep-th},
    eprint={1102.4847},
    archivePrefix={arXiv},    
}

@misc{Yoshioka,
    author={Yoshioka, A.},
    title={Star product and its application},
    note={Symmetry Methods, Applications, and Related Fields},
    year={2014},
    url={https://math.usask.ca/~cheviakov/bluman2014/talks/Yoshioka.pdf}
}


@article{WitTwo,
    author = {Witten, E.},
    title = {Two-dimensional gravity and intersection theory on moduli space},
    journal = {Surveys in Differential Geometry},
    volume = {1},
    pages = {243--310},
    year = {1991}
}

@book{whitwhat,
 edition={5}, 
 title={A Course of Modern Analysis},  
 publisher={Cambridge University Press}, 
 author={Whittaker, E. T. and Watson, G. N.}, 
 editor={Moll, V. H.}, 
 year={2021}
}

